@book{mpi,
  title={Parallel programming with MPI},
  author={Pacheco, Peter},
  year={1997},
  publisher={Morgan Kaufmann}
}

@article{mpich,
  title={Optimization of collective communication operations in MPICH},
  author={Thakur, Rajeev and Rabenseifner, Rolf and Gropp, William},
  journal={The International Journal of High Performance Computing Applications},
  volume={19},
  number={1},
  pages={49--66},
  year={2005},
  publisher={Sage Publications Sage CA: Thousand Oaks, CA}
}

@article{mapreduce,
  title={MapReduce: simplified data processing on large clusters},
  author={Dean, Jeffrey and Ghemawat, Sanjay},
  journal={Communications of the ACM},
  volume={51},
  number={1},
  pages={107--113},
  year={2008},
  publisher={ACM New York, NY, USA}
}

@inproceedings{julia,
  title={Parallel prefix polymorphism permits parallelization, presentation \& proof},
  author={Chen, Jiahao and Edelman, Alan},
  booktitle={2014 First Workshop for High Performance Technical Computing in Dynamic Languages},
  pages={47--56},
  year={2014},
  organization={IEEE}
}

@book{tapl,
  title={Types and programming languages},
  author={Pierce, Benjamin C and Benjamin, C},
  year={2002},
  publisher={MIT press}
}

@article{openmp,
  title={OpenMP: an industry standard API for shared-memory programming},
  author={Dagum, Leonardo and Menon, Ramesh},
  journal={IEEE computational science and engineering},
  volume={5},
  number={1},
  pages={46--55},
  year={1998},
  publisher={IEEE}
}
